@article{Happold_2016,
  doi = {10.1200/jco.2015.63.6563},
  url = {http://dx.doi.org/10.1200/JCO.2015.63.6563},
  year = {2016},
  month = {jan},
  publisher = {American Society of Clinical Oncology ({ASCO})},
  author = {C. Happold and T. Gorlia and O. Chinot and M. R. Gilbert and L. B. Nabors and W. Wick and S. L. Pugh and M. Hegi and T. Cloughesy and P. Roth and D. A. Reardon and J. R. Perry and M. P. Mehta and R. Stupp and M. Weller},
  title = {{Does Valproic Acid or Levetiracetam Improve Survival in Glioblastoma? A Pooled Analysis of Prospective Clinical Trials in Newly Diagnosed Glioblastoma}},
  journal = {Journal of Clinical Oncology},
}
